@article{alexa,
	author = {Alexa, M.},
	title = {Mesh Morphing},
	year = {2001},
	publisher = {Eurographics}
}

@inbook{rogers,
	author="Роджерс, Д.",
	title="Алгоритмические основы машинной графики: Пер. с англ.",
	publisher="--- СПб: БХВ-Петербург",
	language="russian",
	year=1989,
	pages="512"
}

@phdthesis{mocanu,
	author={Mocanu, Bogdan-Costel},
	title={3D Mesh Morphing},
	school={TELECOM SudParis; Universitatea Politehnica Bucuresti},
	year={2013},
	type={Thèse de doctorat / Doctoral thesis},
	address={France / Roumanie},
	note={Numéro national de thèse : 2013TELE0010; HAL Id: tel-00836048},
}

@inbook{porev,
	author={Порев, В.},
	title={Компьютерная графика},
	publisher={СПб.: БХВ-Петербург.},
	language={russian},
	year={2002}
}

@inbook{foley,
	author={Foley, J.},
	title={Computer Graphics: Principles and Practice},
	edition={3},
	publisher={Addison Wesley},
	language={english},
	year={2013}
}
